# 브이티 (018290, KOSPI) 실적 요약

> 실적 출처: DART 공시 (연결 포괄손익계산서 기준)
> 컨센서스 출처: FnGuide (2026.02.13), 하나증권 (2025.07.09)

## 전체 실적 (단위: 억원, 연결 기준)

### 반기별 실적

| 기간 | 매출 | YoY | 영업이익 | OPM | 순이익 | GPM |
|------|------|-----|---------|-----|-------|-----|
| 1H2023 | - | - | - | - | - | - |
| 2H2023 | - | - | - | - | - | - |
| 1H2024 | 2,152 | - | 510 | 23.7% | 344 | 52.0% |
| 2H2024 | 2,165 | - | 599 | 27.7% | 696 | 59.0% |
| 1H2025 | 2,120 | -1.5% | 581 | 27.4% | 446 | 62.4% |

### 연간 실적

| 연도 | 매출 | YoY | 영업이익 | YoY | OPM | 순이익 | GPM |
|------|------|-----|---------|-----|-----|-------|-----|
| 2022 | 2,402 | - | 236 | - | 9.8% | 132 | 43.7% |
| 2023 | 2,955 | +23.0% | 455 | +92.8% | 15.4% | 317 | 47.3% |
| 2024 | 4,317 | +46.1% | 1,109 | +143.7% | 25.7% | 1,040 | 55.3% |
| 2025E | 4,381 | +1.5% | 828 | -25.3% | 18.9% | 630 | - |
| 2026E | 4,867 | +11.1% | 806 | -2.7% | 16.6% | 650 | - |

> 2025E/2026E: FnGuide 컨센서스 (2026.02.13 기준, 2개사 평균)
> ⚠️ 하나증권(2025.07) 추정은 더 낙관적: 2026E 매출 5,614억, OP 1,594억 (OPM 28.4%)

## 분기별 실적 (단위: 억원, 연결 기준)

| 분기 | Q1'24 | Q2'24 | Q3'24 | Q4'24 | Q1'25 | Q2'25 | Q3'25 |
|------|-------|-------|-------|-------|-------|-------|-------|
| 매출 | 1,018 | 1,134 | 1,041 | 1,124 | 1,004 | 1,115 | 1,102 |
| 매출총이익 | 513 | 605 | 628 | 643 | 632 | 690 | 631 |
| 영업이익 | 240 | 270 | 308 | 291 | 290 | 291 | 121 |
| 순이익 | 184 | 161 | 333 | 363 | 233 | 213 | 88 |
| GPM | 50.4% | 53.3% | 60.3% | 57.2% | 62.9% | 61.9% | 57.3% |
| OPM | 23.6% | 23.8% | 29.6% | 25.9% | 28.9% | 26.1% | 11.0% |

> Q4'24 = FY2024 연간 - 9M'24 누적으로 산출
> Q3'25 영업이익 급감: 판관비 510억 (전년동기 319억)으로 급증

## 2026E 컨센서스 비교

| 출처 | 날짜 | 매출 | 영업이익 | OPM | 목표주가 | 근거 |
|------|------|------|---------|-----|---------|------|
| **FnGuide 컨센서스** | 2026.02.13 | 4,867억 | 806억 | 16.6% | 30,000원 | 2개사 평균. Q3'25 실적 둔화 반영 |
| **하나증권** (박은정) | 2025.07.09 | 5,614억 | 1,594억 | 28.4% | 49,000원 | 글로벌 확장 가속 가정 |

### 하나증권 2026F 지역별 가정

| 지역 | 2025F | 2026F | YoY | 근거 |
|------|-------|-------|-----|------|
| 국내 | 1,300억 | 1,752억 | +35% | 오프라인 채널 확대 |
| 일본 | 1,594억 | 1,674억 | +5% | 성장 둔화 인정 |
| 중국 | 244억 | 380억 | +56% | 채널 확대 |
| 미국 | 367억 | 530억 | +44% | 아마존+코스트코 오프라인 확대 |
| 기타 | 487억 | 510억 | +5% | |
| **화장품 합계** | **3,993억** | **4,846억** | **+21%** | |

> ⚠️ 하나증권 리포트(2025.07)는 Q3'25 실적 급감 이전 추정치. 현재 FnGuide 컨센서스와 큰 괴리.

## 지역별 매출

| 지역 | 2024 비중 | 트렌드 |
|------|----------|--------|
| **일본** | ~37~45% | 핵심 시장. 오프라인 18,000개 매장. 로프트, 프라자, 웰시아, 마츠모토키요시 |
| **국내** | ~33% | 올리브영 중심 |
| **미국** | ~12% | Ulta, Target, Costco, Amazon 초기 입점 |
| **기타** (유럽/중동/중국) | ~10% | 신규 진출 초기 |

## 비즈니스 모델

```
[자체 R&D/생산] → [브이티 코스메틱스] → [해외 리테일/온라인 채널] → [최종 소비자]
                        ↓
              자체 브랜드 (리들샷 등)
              ODM/OEM 일부 병행
```

### 핵심 역량

- **자체 브랜드 보유**: 실리콘투(유통사)와 달리 직접 브랜드를 기획·생산·판매
- **리들샷 기술력**: 마이크로니들 기술 기반 차별화 제품
- **높은 GPM**: 자체 브랜드 직판으로 55~63% 매출총이익률 (유통사 대비 높음)
- **일본 시장 선점**: K-뷰티 붐 초기부터 일본 오프라인 유통망 구축 (18,000개 매장)

### 수익성 구조

| 지표 | 2022 | 2023 | 2024 | 비고 |
|------|------|------|------|------|
| GPM | 43.7% | 47.3% | 55.3% | 리들샷 비중 확대 + 큐브엔터 매각 효과 |
| OPM | 9.8% | 15.4% | 25.7% | 급격한 수익성 개선 |
| ROE | - | ~25% | 56.1% | 높은 자본효율 |

## 주요 제품/브랜드

| 제품 | 매출 비중 | 설명 |
|------|----------|------|
| **리들샷 시리즈** | ~56% | 마이크로니들 앰플/세럼. 100/300/700/1000 라인업 |
| 시카 라인 | ~15% | 시카 크림, 시카 마스크 등 |
| 토닝샷 | ~5% | 미백/톤업 라인 |
| 기타 | ~24% | 클렌징, 선케어 등 |

## 채널 구조

### 일본 (최대 시장)

| 채널 | 설명 |
|------|------|
| **로프트 (Loft)** | 라이프스타일 편집숍 |
| **프라자 (Plaza)** | 잡화 편집숍 |
| **웰시아** | 드럭스토어 |
| **마츠모토키요시** | 드럭스토어 |
| **큐텐 (Qoo10)** | 일본 이커머스 플랫폼 (메가와리 행사) |
| **라쿠텐/아마존재팬** | 온라인 보조 채널 |

### 북미 (초기 진출)

| 채널 | 설명 |
|------|------|
| **Ulta Beauty** | 미국 최대 뷰티 전문 리테일 |
| **Target** | 대형 마트 채널 |
| **Costco** | 홀세일 채널 |
| **Amazon US** | 온라인 채널 |

### 국내

| 채널 | 설명 |
|------|------|
| **올리브영** | 국내 H&B 1위 채널 |
| **자사몰/온라인** | 쿠팡, 네이버 등 |

## 밸류에이션

| 지표 | 수치 | 비고 |
|------|------|------|
| 시가총액 | ~6,027억원 | 2025.02 기준 |
| PER (2024 실적 기준) | ~6.1배 | 지배주주순이익 980억 기준 |
| PBR | 2.56배 | |
| ROE | 56.1% | |
| 증권사 목표가 | 30,000원 | FnGuide 컨센서스 (2026.02) |

## DCF 분석

### FCF 산출 근거

| 항목 | 2024 실적 | 비고 |
|------|----------|------|
| 영업현금흐름 (OCF) | 871억 | |
| CapEx | 36억 | 자산경량형 모델 |
| **FCF** | **835억** | FCF/NI 80% |
| 시총 대비 FCF 수익률 | 11.6% | 시총 7,215억 기준 |

- 자체 브랜드 제조·판매 모델이나 **CapEx 부담이 극히 낮음** → FCF 전환율 80%

### 시나리오A (65%): 일본+글로벌 확장

- WACC 12%, 영구성장률 g=2%
- 전제: 일본 시장 안정 + 북미(Ulta, Target, Costco) 본격 매출 기여

| 연도 | 2026 | 2027 | 2028 | 2029 | 2030 | 2031 | 2032 | 2033 | 2034 | 2035 |
|------|------|------|------|------|------|------|------|------|------|------|
| FCF (억원) | 1,100 | 1,215 | 1,340 | 1,475 | 1,625 | 1,790 | 1,975 | 2,175 | 2,400 | 2,646 |
| YoY | - | +10.5% | +10.3% | +10.1% | +10.2% | +10.2% | +10.3% | +10.1% | +10.3% | +10.3% |

- **내재가치: 54,600원/주**

### 시나리오B (35%): 일본 시장 둔화

- WACC 14%, 영구성장률 g=1.5%
- 전제: 엔화 약세 지속 + 일본 소비 위축, 북미 확장 지연

| 연도 | 2026 | 2027 | 2028 | 2029 | 2030 | 2031 | 2032 | 2033 | 2034 | 2035 |
|------|------|------|------|------|------|------|------|------|------|------|
| FCF (억원) | 770 | 806 | 843 | 882 | 923 | 966 | 1,011 | 1,058 | 1,107 | 1,159 |
| YoY | - | +4.7% | +4.6% | +4.6% | +4.6% | +4.7% | +4.7% | +4.6% | +4.6% | +4.7% |

- **내재가치: 21,400원/주**

### 확률가중 내재가치

| 시나리오 | 확률 | 내재가치 | 가중값 |
|----------|------|---------|--------|
| A: 일본+글로벌 확장 | 65% | 54,600원 | 35,490원 |
| B: 일본 시장 둔화 | 35% | 21,400원 | 7,490원 |
| **확률가중 내재가치** | | | **42,980원** |

- 현재가 20,650원 대비 **+108% 상승여력**
- 시나리오B(최악)에서도 현재가와 유사한 수준 → 하방 제한적

> ⚠️ DCF 시나리오A의 2026 FCF 1,100억은 현재 컨센서스(2026E OP 806억)와 괴리가 큼. 재검토 필요.

## 사업 구조 변화 (2024~2025)

- **큐브엔터테인먼트 지분 매각** (2024H2): 엔터 사업부 연결 제외 → 화장품 비중 93%+
- **이앤씨(ENC) 취득**: 지분 55.67% → 65.62% (2025 Q3 기준) 확대
- **바이오 사업**: VT301 알츠하이머 치료제 미국 FDA 임상 1/2a IND 승인, 일본 N2 clinic 기술이전
- **시설투자 계획**: 해당사항 없음 (자산경량형 유지)

## 리스크 요인

1. **일본 의존도**: 매출의 37~45%가 일본에서 발생. 엔화 약세/일본 소비 둔화 시 직접 타격
2. **리들샷 집중도**: 단일 제품 라인이 매출의 ~56% 차지. 유행 변화/경쟁 제품 등장 시 리스크
3. **Q3'25 수익성 급락**: 영업이익 121억 (OPM 11%), 판관비 급증. 일시적인지 구조적인지 확인 필요
4. **성장 정체**: 2025년 매출 YoY 거의 0%. 큐브엔터 제외 효과 감안해도 화장품 자체 성장 둔화
5. **컨센서스 하향**: FnGuide 2026E OP 806억 vs 하나증권(2025.07) 1,594억 → 절반 수준으로 하향
6. **환율 리스크**: 엔화(JPY) 비중 높아 환율 변동에 민감

## 실리콘투 vs 브이티 비교

| | 실리콘투 | 브이티 |
|---|---------|--------|
| **사업 모델** | 유통사 (B2B 도매 플랫폼) | 브랜드사 (자체 브랜드 제조·판매) |
| **2024 매출** | 6,915억원 | 4,317억원 |
| **2024 OPM** | 19.9% | 25.7% |
| **GPM** | ~33% | 55.3% |
| **핵심 시장** | 유럽 (2025년~ 최대) | 일본 (37~45%) |
| **브랜드 리스크** | 조선미녀 24% 비중 | 리들샷 56% 비중 |
| **성장 드라이버** | 지역 확장 (유럽/중동) | 북미 진출 + 신제품 |
| **PER (2024 기준)** | ~15배 | ~6.1배 |
| **ROE** | ~30% | 56.1% |
| **특징** | 다수 브랜드 포트폴리오, 롱테일 고객 | 높은 GPM, 자체 기술력 |
